<?xml version="1.0" encoding="UTF-8"?>
<bib>
  <mms_id>9936984306602486</mms_id>
  <record_format>marc21</record_format>
  <linked_record_id/>
  <title>Loudspeakers /</title>
  <author>Amirkhanian, Charles,</author>
  <network_numbers>
    <network_number>(OCoLC)1136534399</network_number>
    <network_number>on1136534399</network_number>
  </network_numbers>
  <place_of_publication>Brooklyn, NY :</place_of_publication>
  <date_of_publication>[2019]</date_of_publication>
  <publisher_const>New World Records,</publisher_const>
  <holdings link="https://api-na.hosted.exlibrisgroup.com/almaws/v1/bibs/9936984306602486/holdings"/>
  <created_by>System</created_by>
  <created_date>2020-01-27Z</created_date>
  <last_modified_by>System</last_modified_by>
  <last_modified_date>2021-01-16Z</last_modified_date>
  <suppress_from_publishing>false</suppress_from_publishing>
  <suppress_from_external_search>false</suppress_from_external_search>
  <sync_with_oclc>NONE</sync_with_oclc>
  <sync_with_libraries_australia>NONE</sync_with_libraries_australia>
  <originating_system>BACKSTAGE</originating_system>
  <originating_system_id>on1136534399</originating_system_id>
  <cataloging_level desc="Default Level">00</cataloging_level>
  <record>
    <leader>03185cjm a2200697Ii 4500</leader>
    <controlfield tag="001">9936984306602486</controlfield>
    <controlfield tag="005">20210116034100.0</controlfield>
    <controlfield tag="007">sd fsngnnmmned</controlfield>
    <controlfield tag="008">160202t20192019nyuuunn  abefhi   n zxx d</controlfield>
    <datafield ind1="1" ind2=" " tag="024">
      <subfield code="a">093228081722</subfield>
    </datafield>
    <datafield ind1="0" ind2="2" tag="028">
      <subfield code="a">80817-2</subfield>
      <subfield code="b">New World Records</subfield>
    </datafield>
    <datafield ind1=" " ind2=" " tag="035">
      <subfield code="a">on1136534399</subfield>
    </datafield>
    <datafield ind1=" " ind2=" " tag="035">
      <subfield code="a">(OCoLC)1136534399</subfield>
    </datafield>
    <datafield ind1=" " ind2=" " tag="040">
      <subfield code="a">TDF</subfield>
      <subfield code="b">eng</subfield>
      <subfield code="e">rda</subfield>
      <subfield code="c">TDF</subfield>
      <subfield code="d">OCLCQ</subfield>
      <subfield code="d">NTE</subfield>
      <subfield code="d">RCE</subfield>
      <subfield code="d">OCLCF</subfield>
      <subfield code="d">MNO</subfield>
      <subfield code="d">AMH</subfield>
      <subfield code="d">CPL</subfield>
      <subfield code="d">ICW</subfield>
      <subfield code="d">RBN</subfield>
      <subfield code="d">OCL</subfield>
      <subfield code="d">TEF</subfield>
      <subfield code="d">EMU</subfield>
      <subfield code="d">UtOrBLW</subfield>
    </datafield>
    <datafield ind1="0" ind2=" " tag="041">
      <subfield code="g">eng</subfield>
    </datafield>
    <datafield ind1=" " ind2=" " tag="046">
      <subfield code="o">1988</subfield>
      <subfield code="p">2000</subfield>
      <subfield code="2">edtf</subfield>
    </datafield>
    <datafield ind1=" " ind2=" " tag="048">
      <subfield code="a">en01</subfield>
    </datafield>
    <datafield ind1=" " ind2=" " tag="049">
      <subfield code="a">EMUU</subfield>
    </datafield>
    <datafield ind1=" " ind2="4" tag="050">
      <subfield code="a">M1473.A44</subfield>
      <subfield code="b">E44 2019</subfield>
    </datafield>
    <datafield ind1="0" ind2="4" tag="082">
      <subfield code="a">786.7/5</subfield>
      <subfield code="2">23</subfield>
    </datafield>
    <datafield ind1="1" ind2=" " tag="100">
      <subfield code="a">Amirkhanian, Charles,</subfield>
      <subfield code="e">composer,</subfield>
      <subfield code="e">performer.</subfield>
    </datafield>
    <datafield ind1="1" ind2="0" tag="240">
      <subfield code="a">Electronic music.</subfield>
      <subfield code="k">Selections</subfield>
    </datafield>
    <datafield ind1="1" ind2="0" tag="245">
      <subfield code="a">Loudspeakers /</subfield>
      <subfield code="c">Charles Amirkhanian.</subfield>
    </datafield>
    <datafield ind1=" " ind2="1" tag="264">
      <subfield code="a">Brooklyn, NY :</subfield>
      <subfield code="b">New World Records,</subfield>
      <subfield code="c">[2019]</subfield>
    </datafield>
    <datafield ind1=" " ind2="4" tag="264">
      <subfield code="c">℗2019</subfield>
    </datafield>
    <datafield ind1=" " ind2=" " tag="300">
      <subfield code="a">2 audio discs :</subfield>
      <subfield code="b">digital, CD audio, stereo ;</subfield>
      <subfield code="c">4 3/4 in.</subfield>
    </datafield>
    <datafield ind1=" " ind2=" " tag="306">
      <subfield code="a">003951</subfield>
      <subfield code="a">003006</subfield>
      <subfield code="a">002638</subfield>
      <subfield code="a">003432</subfield>
    </datafield>
    <datafield ind1=" " ind2=" " tag="336">
      <subfield code="a">performed music</subfield>
      <subfield code="b">prm</subfield>
      <subfield code="2">rdacontent</subfield>
    </datafield>
    <datafield ind1=" " ind2=" " tag="337">
      <subfield code="a">audio</subfield>
      <subfield code="b">s</subfield>
      <subfield code="2">rdamedia</subfield>
    </datafield>
    <datafield ind1=" " ind2=" " tag="338">
      <subfield code="a">audio disc</subfield>
      <subfield code="b">sd</subfield>
      <subfield code="2">rdacarrier</subfield>
    </datafield>
    <datafield ind1=" " ind2=" " tag="340">
      <subfield code="b">4 3/4 in.</subfield>
    </datafield>
    <datafield ind1=" " ind2=" " tag="344">
      <subfield code="a">digital</subfield>
      <subfield code="2">rdatr</subfield>
    </datafield>
    <datafield ind1=" " ind2=" " tag="344">
      <subfield code="b">optical</subfield>
      <subfield code="2">rdarm</subfield>
    </datafield>
    <datafield ind1=" " ind2=" " tag="344">
      <subfield code="g">stereo</subfield>
      <subfield code="2">rdacpc</subfield>
    </datafield>
    <datafield ind1=" " ind2=" " tag="344">
      <subfield code="c">1.4 m/s</subfield>
    </datafield>
    <datafield ind1=" " ind2=" " tag="347">
      <subfield code="a">audio file</subfield>
      <subfield code="2">rdaft</subfield>
    </datafield>
    <datafield ind1=" " ind2=" " tag="347">
      <subfield code="b">CD audio</subfield>
    </datafield>
    <datafield ind1="0" ind2="1" tag="382">
      <subfield code="a">sampler</subfield>
      <subfield code="n">1</subfield>
      <subfield code="a">s1</subfield>
      <subfield code="2">lcmpt</subfield>
    </datafield>
    <datafield ind1="0" ind2="1" tag="382">
      <subfield code="a">pre-recorded audio</subfield>
      <subfield code="2">lcmpt</subfield>
    </datafield>
    <datafield ind1=" " ind2=" " tag="500">
      <subfield code="a">Title from disc label.</subfield>
    </datafield>
    <datafield ind1=" " ind2=" " tag="500">
      <subfield code="a">"Anthology of Recorded Music, Inc."--Label.</subfield>
    </datafield>
    <datafield ind1=" " ind2=" " tag="500">
      <subfield code="a">Compact discs.</subfield>
    </datafield>
    <datafield ind1=" " ind2=" " tag="500">
      <subfield code="a">Program notes by Kyle Gann, biographical notes, and selected discography and bibliography (15 pages) inserted in container.</subfield>
    </datafield>
    <datafield ind1="0" ind2="0" tag="505">
      <subfield code="g">disc 1.</subfield>
      <subfield code="t">Pianola : Pas de mains : 1997-2000.</subfield>
      <subfield code="t">Corale cattedrale</subfield>
      <subfield code="g">(3:57) ;</subfield>
      <subfield code="t">Pet hop solo</subfield>
      <subfield code="g">(2:28) ;</subfield>
      <subfield code="t">Valzer provarollio</subfield>
      <subfield code="g">(5:27) ;</subfield>
      <subfield code="t">Tochastic music</subfield>
      <subfield code="g">(2:18) ;</subfield>
      <subfield code="t">Passaggio di coltivadori</subfield>
      <subfield code="g">(1:07) ;</subfield>
      <subfield code="t">Antheil swoon</subfield>
      <subfield code="g">(2:14) ;</subfield>
      <subfield code="t">Chaos of the moderns (presto)</subfield>
      <subfield code="g">(4;24) ;</subfield>
      <subfield code="t">To a Nanka rose</subfield>
      <subfield code="g">(2:16) ;</subfield>
      <subfield code="t">A Rimsky business</subfield>
      <subfield code="g">(4:43) ;</subfield>
      <subfield code="t">Kiki keys</subfield>
      <subfield code="g">(10:39) (39:51) --</subfield>
      <subfield code="t">Im Frühling : 1989-90 (30:06) --</subfield>
      <subfield code="g">disc 2.</subfield>
      <subfield code="t">Son of Metropolis San Francisco : 1997 (26:38) --</subfield>
      <subfield code="t">Loudspeakers : for Morton Feldman (1988-90).</subfield>
      <subfield code="t">Meyerbeer ;</subfield>
      <subfield code="t">Piece ;</subfield>
      <subfield code="t">Voice leading ;</subfield>
      <subfield code="t">Took some time ;</subfield>
      <subfield code="t">Such a surface ;</subfield>
      <subfield code="t">Pretty pretty macabre ;</subfield>
      <subfield code="t">Loudspeakers (34:32).</subfield>
    </datafield>
    <datafield ind1="0" ind2=" " tag="511">
      <subfield code="a">Charles Amirkhanian, Kurzweil keyboard sampler (1st work) and electronics.</subfield>
    </datafield>
    <datafield ind1=" " ind2="0" tag="650">
      <subfield code="a">Text-sound compositions.</subfield>
    </datafield>
    <datafield ind1=" " ind2="0" tag="650">
      <subfield code="a">Musique concrète.</subfield>
    </datafield>
    <datafield ind1=" " ind2="7" tag="650">
      <subfield code="a">Electronic music.</subfield>
      <subfield code="2">fast</subfield>
      <subfield code="0">(OCoLC)fst00907363.</subfield>
    </datafield>
    <datafield ind1=" " ind2="7" tag="655">
      <subfield code="a">Art music.</subfield>
      <subfield code="2">fast</subfield>
      <subfield code="0">(OCoLC)fst01920007.</subfield>
    </datafield>
    <datafield ind1=" " ind2="7" tag="655">
      <subfield code="a">Sound recordings.</subfield>
      <subfield code="2">fast</subfield>
      <subfield code="0">(OCoLC)fst01411639</subfield>
    </datafield>
    <datafield ind1=" " ind2="7" tag="655">
      <subfield code="a">Text-sound compositions.</subfield>
      <subfield code="2">lcgft</subfield>
    </datafield>
    <datafield ind1=" " ind2="7" tag="655">
      <subfield code="a">Musique concrète.</subfield>
      <subfield code="2">lcgft</subfield>
    </datafield>
    <datafield ind1="1" ind2=" " tag="700">
      <subfield code="a">Feldman, Morton,</subfield>
      <subfield code="d">1926-1987,</subfield>
      <subfield code="e">honouree.</subfield>
    </datafield>
    <datafield ind1="1" ind2="2" tag="700">
      <subfield code="i">Container of (work):</subfield>
      <subfield code="a">Amirkhanian, Charles.</subfield>
      <subfield code="t">Pianola.</subfield>
    </datafield>
    <datafield ind1="1" ind2="2" tag="700">
      <subfield code="i">Container of (work):</subfield>
      <subfield code="a">Amirkhanian, Charles.</subfield>
      <subfield code="t">Im Frühling.</subfield>
    </datafield>
    <datafield ind1="1" ind2="2" tag="700">
      <subfield code="i">Container of (work):</subfield>
      <subfield code="a">Amirkhanian, Charles.</subfield>
      <subfield code="t">Son of Metropolis San Francisco.</subfield>
    </datafield>
    <datafield ind1="1" ind2="2" tag="700">
      <subfield code="i">Container of (work):</subfield>
      <subfield code="a">Amirkhanian, Charles.</subfield>
      <subfield code="t">Loudspeakers.</subfield>
    </datafield>
    <datafield ind1="2" ind2=" " tag="710">
      <subfield code="a">Anthology of Recorded Music, Inc.,</subfield>
      <subfield code="e">sponsoring body.</subfield>
    </datafield>
    <datafield ind1=" " ind2=" " tag="910">
      <subfield code="a">MARS</subfield>
    </datafield>
    <datafield ind1=" " ind2=" " tag="945">
      <subfield code="a">EMU</subfield>
      <subfield code="b">mk</subfield>
      <subfield code="2">20201030</subfield>
    </datafield>
    <datafield ind1=" " ind2=" " tag="994">
      <subfield code="a">C0</subfield>
      <subfield code="b">EMU</subfield>
    </datafield>
    <datafield ind1=" " ind2=" " tag="INT">
      <subfield code="a">P</subfield>
    </datafield>
    <datafield ind1=" " ind2=" " tag="INST">
      <subfield code="a">01GALI_EMORY</subfield>
    </datafield>
    <datafield ind1=" " ind2=" " tag="AVA">
      <subfield code="0">9936984306602486</subfield>
      <subfield code="8">22391093010002486</subfield>
      <subfield code="a">01GALI_EMORY</subfield>
      <subfield code="b">MUSME</subfield>
      <subfield code="c">Media Collection</subfield>
      <subfield code="d">CD 23411</subfield>
      <subfield code="e">available</subfield>
      <subfield code="f">1</subfield>
      <subfield code="g">0</subfield>
      <subfield code="j">MEDIA</subfield>
      <subfield code="k">4</subfield>
      <subfield code="p">1</subfield>
      <subfield code="q">Marian K. Heilbrun Music Media</subfield>
    </datafield>
  </record>
  <requests>0</requests>
</bib>
